@article{bar73,
	title={ Point sur l'agriculture en 2020 Algérie},
	author={Bureau Business France d'ALGER},
	journal={République Française Liberté Égalité Fraternité},
	number={1},
	pages={ page 1},
	year={01 janvier 2021},
	publisher={Springer}
}